@article{gleeson-2013,
	author = {Gleeson, James P.},
	doi = {10.1103/physrevx.3.021004},
	journal = {Physical Review X},
	number = {2},
	title = {{Binary-State Dynamics on Complex Networks: Pair Approximation and Beyond}},
	volume = {3},
	year = {2013},
}
@article{artime-2018,
	author = {Artime, Oriol and Peralta, Antonio F. and Toral, Ra\'ul and Ramasco, Jos\'e J. and San Miguel, Maxi},
	doi = {10.1103/physreve.98.032104},
	journal = {Physical Review E},
	number = {3},
	title = {{Aging-induced continuous phase transition}},
	volume = {98},
	year = {2018},
}
@article{centola-2007,
	author = {Centola, Damon and Egu\'iluz, V\'ictor M. and Macy, Michael W.},
	doi = {10.1016/j.physa.2006.06.018},
	journal = {Physica A: Statistical Mechanics and its Applications},
	number = {1},
	pages = {449--456},
	title = {{Cascade dynamics of complex propagation}},
	volume = {374},
	year = {2007},
}

@article{galam-2008,
	author = {given-i=S., given=SERGE, family=GALAM},
	journal = {International Journal of Modern Physics C},
	month = {3},
	number = {03},
	pages = {409--440},
	publisher = {World Scientific Pub Co Pte Lt},
	title = {{SOCIOPHYSICS: A REVIEW OF GALAM MODELS}},
	volume = {19},
	year = {2008},
	doi = {10.1142/s0129183108012297},
	url = {http://dx.doi.org/10.1142/s0129183108012297},
}

@article{goncalves-2012,
	author = {given-i=S., given=S., family=Gonçalves and given-i={M. F.}, given={M. F.}, family=Laguna and given-i={J. R.}, given={J. R.}, family=Iglesias},
	journal = {The European Physical Journal B},
	month = {6},
	number = {6},
	publisher = {Springer Science and Business Media LLC},
	title = {{Why, when, and how fast innovations are adopted}},
	volume = {85},
	year = {2012},
	doi = {10.1140/epjb/e2012-30082-6},
	url = {http://dx.doi.org/10.1140/epjb/e2012-30082-6},
}


@article{bass1969,
  title={A new product growth for model consumer durables},
  author={Bass, Frank M},
  journal={Management science},
  volume={15},
  number={5},
  pages={215--227},
  year={1969},
  publisher={INFORMS}
}
@incollection{rogers2014,
  title={Diffusion of innovations},
  author={Rogers, Everett M and Singhal, Arvind and Quinlan, Margaret M},
  booktitle={An integrated approach to communication theory and research},
  pages={432--448},
  year={2014},
  publisher={Routledge}
}
@article{watts-2002,
	author = {Watts, D. J.},
	doi = {10.1073/pnas.082090499},
	journal = {Proceedings of the National Academy of Sciences},
	number = {9},
	pages = {5766--5771},
	title = {{A simple model of global cascades on random networks}},
	volume = {99},
	year = {2002},
}
@article{gleeson-2007,
	author = {Gleeson, James P. and Cahalane, Diarmuid J.},
	doi = {10.1103/physreve.75.056103},
	journal = {Physical Review E},
	number = {5},
	title = {{Seed size strongly affects cascades on random networks}},
	volume = {75},
	year = {2007},
}
@article{gleeson-2008,
	author = {Gleeson, James P.},
	doi = {10.1103/physreve.77.046117},
	journal = {Physical Review E},
	number = {4},
	title = {{Cascades on correlated and modular random networks}},
	volume = {77},
	year = {2008},
}
@article{singh-2013,
	author = {Singh, P. and Sreenivasan, S. and Szymanski, B. K. and Korniss, G.},
	doi = {10.1038/srep02330},
	journal = {Scientific Reports},
	number = {1},
	title = {{Threshold-limited spreading in social networks with multiple initiators}},
	volume = {3},
	year = {2013},
}
@article{oh-2018,
	author = {Oh, Se-Wook and Porter, Mason A.},
	doi = {10.1063/1.4990038},
	journal = {Chaos: An Interdisciplinary Journal of Nonlinear Science},
	number = {3},
	pages = {033101},
	title = {{Complex contagions with timers}},
	volume = {28},
	year = {2018},
}
@article{chen-2020,
	author = {Chen, Hanshuang and Wang, Shuang and Shen, Chuansheng and Zhang, Haifeng and Bianconi, Ginestra},
	doi = {10.1103/physreve.102.062311},
	journal = {Physical Review E},
	number = {6},
	title = {{Non-Markovian majority-vote model}},
	volume = {102},
	year = {2020},
}
@article{karsai-2016,
	author = {Karsai, M\'arton and Iñiguez, Gerardo and Kikas, Riivo and Kaski, Kimmo and Kert\'esz, J\'anos},
	doi = {10.1038/srep27178},
	journal = {Scientific Reports},
	number = {1},
	title = {{Local cascades induced global contagion: How heterogeneous thresholds, exogenous effects, and unconcerned behaviour govern online adoption spreading}},
	volume = {6},
	year = {2016},
}
@article{gleeson-2011,
	author = {Gleeson, James P.},
	doi = {10.1103/physrevlett.107.068701},
	journal = {Physical Review Letters},
	number = {6},
	title = {{High-Accuracy Approximation of Binary-State Dynamics on Networks}},
	volume = {107},
	year = {2011},
}
@article{pugliese-2009,
	author = {Pugliese, E. and Castellano, C.},
	doi = {10.1209/0295-5075/88/58004},
	journal = {EPL (Europhysics Letters)},
	number = {5},
	pages = {58004},
	title = {{Heterogeneous pair approximation for Voter models on networks}},
	volume = {88},
	year = {2009},
}
@article{peralta-2020A,
	author = {Peralta, Antonio F and Khalil, Nagi and Toral, Ra\'ul},
	doi = {10.1088/1742-5468/ab6847},
	journal = {Journal of Statistical Mechanics: Theory and Experiment},
	number = {2},
	pages = {024004},
	title = {{Reduction from non-Markovian to Markovian dynamics: the case of aging in the noisy-Voter model}},
	volume = {2020},
	year = {2020},
}
@article{peralta-2020B,
	author = {Peralta, A. F. and Toral, R.},
	doi = {10.1103/physrevresearch.2.043370},
	journal = {Physical Review Research},
	number = {4},
	title = {{Binary-state dynamics on complex networks: Stochastic pair approximation and beyond}},
	volume = {2},
	year = {2020},
}
@article{peralta-2020C,
	author = {Peralta, Antonio F. and Khalil, Nagi and Toral, Ra\'ul},
	doi = {10.1016/j.physa.2019.122475},
	journal = {Physica A: Statistical Mechanics and its Applications},
	pages = {122475},
	title = {{Ordering dynamics in the Voter model with aging}},
	volume = {552},
	year = {2020},
}

@article{granovetter-1978,
	author = {Granovetter, Mark},
	doi = {10.1086/226707},
	journal = {American Journal of Sociology},
	number = {6},
	pages = {1420--1443},
	title = {{Threshold Models of Collective Behavior}},
	volume = {83},
	year = {1978},
}

@article{fernandez-gracia-2013,
	author = {Fern\'andez-Gracia, Juan and Egu\'iluz, V\'ictor M. and San Miguel, Maxi},
	journal = {Understanding Complex Systems},
	pages = {331--352},
	title = {{Timing Interactions in Social Simulations: The Voter Model}},
	year = {2013},
}

@article{artime-2017,
	author = {Artime, Oriol and Ramasco, Jos\'e J. and San Miguel, Maxi},
	doi = {10.1038/srep41627},
	journal = {Scientific Reports},
	number = {1},
	title = {{Dynamics on networks: competition of temporal and topological correlations}},
	volume = {7},
	year = {2017},
}

@article{stark-2008,
	author = {Stark, Hans-Ulrich and Tessone, Claudio J. and Schweitzer, Frank},
	doi = {10.1103/physrevlett.101.018701},
	journal = {Physical Review Letters},
	number = {1},
	title = {{Decelerating Microdynamics Can Accelerate Macrodynamics in the Voter Model}},
	volume = {101},
	year = {2008},
}
@article{rybski-2012,
	author = {Rybski, Diego and Buldyrev, Sergey V. and Havlin, Shlomo and Liljeros, Fredrik and Makse, Hern\'an A.},
	doi = {10.1038/srep00560},
	journal = {Scientific Reports},
	number = {1},
	title = {{Communication activity in a social network: relation between long-term correlations and inter-event clustering}},
	volume = {2},
	year = {2012},
}
@article{zignani-2016,
	author = {Zignani, Matteo and Esfandyari, Azadeh and Gaito, Sabrina and Rossi, Gian Paolo},
	doi = {10.1007/s41109-016-0009-9},
	journal = {Applied Network Science},
	number = {1},
	title = {{Walls-in-one: usage and temporal patterns in a social media aggregator}},
	volume = {1},
	year = {2016},
}
@article{kumar-2020,
	author = {Kumar, Pinaki and Korkolis, Evangelos and Benzi, Roberto and Denisov, Dmitry and Niemeijer, Andr\'e and Schall, Peter and Toschi, Federico and Trampert, Jeannot},
	doi = {10.1038/s41598-019-56764-6},
	journal = {Scientific Reports},
	number = {1},
	title = {{On interevent time distributions of avalanche dynamics}},
	volume = {10},
	year = {2020},
}
@article{unicomb-2018,
	author = {Unicomb, Samuel and Iñiguez, Gerardo and Karsai, M\'arton},
	doi = {10.1038/s41598-018-21261-9},
	journal = {Scientific Reports},
	number = {1},
	title = {{Threshold driven contagion on weighted networks}},
	volume = {8},
	year = {2018},
}
@article{iacopini-2019,
	author = {Iacopini, Iacopo and Petri, Giovanni and Barrat, Alain and Latora, Vito},
	doi = {10.1038/s41467-019-10431-6},
	journal = {Nature Communications},
	number = {1},
	title = {{Simplicial models of social contagion}},
	volume = {10},
	year = {2019},
}
@article{karsai-2014,
	author = {Karsai, M\'arton and Iñiguez, Gerardo and Kaski, Kimmo and Kert\'esz, J\'anos},
	doi = {10.1098/rsif.2014.0694},
	journal = {Journal of The Royal Society Interface},
	number = {101},
	pages = {20140694},
	title = {{Complex contagion process in spreading of online innovation}},
	volume = {11},
	year = {2014},
}
@article{hoffmann-2019,
	author = {Hoffmann, Xavier R and Boguñ\'a, Mari\'an},
	doi = {10.1088/1367-2630/ab0aa6},
	journal = {New Journal of Physics},
	number = {3},
	pages = {033034},
	title = {{Memory-induced complex contagion in epidemic spreading}},
	volume = {21},
	year = {2019},
}
@article{starnini-2017,
	author = {Starnini, Michele and Gleeson, James P. and Boguñ\'a, Mari\'an},
	doi = {10.1103/physrevlett.118.128301},
	journal = {Physical Review Letters},
	number = {12},
	title = {{Equivalence between Non-Markovian and Markovian Dynamics in Epidemic Spreading Processes}},
	volume = {118},
	year = {2017},
}
@article{van-mieghem-2013,
	author = {Van Mieghem, P. and van de Bovenkamp, R.},
	doi = {10.1103/physrevlett.110.108701},
	journal = {Physical Review Letters},
	number = {10},
	title = {{Non-Markovian Infection Spread Dramatically Alters the Susceptible-Infected-Susceptible Epidemic Threshold in Networks}},
	volume = {110},
	year = {2013},
}
@article{mnsted-2017,
	author = {Mønsted, Bjarke and Sapieżyński, Piotr and Ferrara, Emilio and Lehmann, Sune},
	doi = {10.1371/journal.pone.0184148},
	journal = {PLOS ONE},
	number = {9},
	pages = {e0184148},
	title = {{Evidence of complex contagion of information in social media: An experiment using Twitter bots}},
	volume = {12},
	year = {2017},
}
@article{liu-2018,
	author = {Liu, Quan-Hui and Lü, Feng-Mao and Zhang, Qian and Tang, Ming and Zhou, Tao},
	doi = {10.1063/1.5017515},
	journal = {Chaos: An Interdisciplinary Journal of Nonlinear Science},
	number = {5},
	pages = {053103},
	title = {{Impacts of opinion leaders on social contagions}},
	volume = {28},
	year = {2018},
}
@article{chen-2018,
	author = {Chen, Ling-Jiao and Chen, Xiao-Long and Cai, Meng and Wang, Wei},
	doi = {10.1016/j.physa.2018.03.017},
	journal = {Physica A: Statistical Mechanics and its Applications},
	pages = {516--525},
	title = {{Complex contagions with social reinforcement from different layers and neighbors}},
	volume = {503},
	year = {2018},
}
@article{fernandez-gracia-2014,
	author = {Fern\'andez-Gracia, Juan and Suchecki, Krzysztof and Ramasco, Jos\'e J. and San Miguel, Maxi and Egu\'iluz, V\'ictor M.},
	doi = {10.1103/physrevlett.112.158701},
	journal = {Physical Review Letters},
	number = {15},
	title = {{Is the Voter Model a Model for Voters?}},
	volume = {112},
	year = {2014},
}
@article{sood-2005,
	author = {Sood, V. and Redner, S.},
	doi = {10.1103/physrevlett.94.178701},
	journal = {Physical Review Letters},
	number = {17},
	title = {{Voter Model on Heterogeneous Graphs}},
	volume = {94},
	year = {2005},
}
@article{pastor-satorras-2015,
	author = {Pastor-Satorras, Romualdo and Castellano, Claudio and Van Mieghem, Piet and Vespignani, Alessandro},
	doi = {10.1103/revmodphys.87.925},
	journal = {Reviews of Modern Physics},
	number = {3},
	pages = {925--979},
	title = {{Epidemic processes in complex networks}},
	volume = {87},
	year = {2015},
}
@article{diakonova-2014,
	author = {Diakonova, Marina and San Miguel, Maxi and Egu\'iluz, V\'ictor M.},
	doi = {10.1103/physreve.89.062818},
	journal = {Physical Review E},
	number = {6},
	title = {{Absorbing and shattered fragmentation transitions in multilayer coevolution}},
	volume = {89},
	year = {2014},
}
@article{amato-2017,
	author = {Amato, R and Kouvaris, N E and San Miguel, Maxi and D\'iaz-Guilera, A},
	doi = {10.1088/1367-2630/aa936a},
	journal = {New Journal of Physics},
	number = {12},
	pages = {123019},
	title = {{Opinion competition dynamics on multiplex networks}},
	volume = {19},
	year = {2017},
}
@article{castellano-2009,
	author = {Castellano, Claudio and Muñoz, Miguel A. and Pastor-Satorras, Romualdo},
	doi = {10.1103/physreve.80.041129},
	journal = {Physical Review E},
	number = {4},
	title = {{Nonlinearq-Voter model}},
	volume = {80},
	year = {2009},
}
@article{peralta-2018,
	author = {Peralta, A. F. and Carro, A. and San Miguel, M. and Toral, R.},
	doi = {10.1063/1.5030112},
	journal = {Chaos: An Interdisciplinary Journal of Nonlinear Science},
	number = {7},
	pages = {075516},
	title = {{Analytical and numerical study of the non-linear noisy Voter model on complex networks}},
	volume = {28},
	year = {2018},
}
@article{cencetti-2021,
	author = {Cencetti, Giulia and Battiston, Federico and Lepri, Bruno and Karsai, M\'arton},
	doi = {10.1038/s41598-021-86469-8},
	journal = {Scientific Reports},
	number = {1},
	title = {{Temporal properties of higher-order interactions in social networks}},
	volume = {11},
	year = {2021},
}
@article{de-arruda-2020,
	author = {de Arruda, Guilherme Ferraz and Petri, Giovanni and Moreno, Yamir},
	doi = {10.1103/physrevresearch.2.023032},
	journal = {Physical Review Research},
	number = {2},
	title = {{Social contagion models on hypergraphs}},
	volume = {2},
	year = {2020},
}
@article{pineda-2009,
	author = {Pineda, M and Toral, R and Hern\'andez-Garc\'ia, E},
	doi = {10.1088/1742-5468/2009/08/p08001},
	journal = {Journal of Statistical Mechanics: Theory and Experiment},
	number = {08},
	pages = {P08001},
	title = {{Noisy continuous-opinion dynamics}},
	volume = {2009},
	year = {2009},
}
@article{khalil-2018,
	author = {Khalil, Nagi and San Miguel, Maxi and Toral, Raul},
	doi = {10.1103/physreve.97.012310},
	journal = {Physical Review E},
	number = {1},
	title = {{Zealots in the mean-field noisy Voter model}},
	volume = {97},
	year = {2018},
}
@article{hackett-2011,
	author = {Hackett, Adam and Melnik, Sergey and Gleeson, James P.},
	doi = {10.1103/physreve.83.056107},
	journal = {Physical Review E},
	number = {5},
	title = {{Cascades on a class of clustered random networks}},
	volume = {83},
	year = {2011},
}
@article{hackett-2013,
	author = {Hackett, Adam and Gleeson, James P.},
	doi = {10.1103/physreve.87.062801},
	journal = {Physical Review E},
	number = {6},
	title = {{Cascades on clique-based graphs}},
	volume = {87},
	year = {2013},
}
@article{dodds-2013,
	author = {Dodds, Peter Sheridan and Harris, Kameron Decker and Danforth, Christopher M.},
	doi = {10.1103/physrevlett.110.158701},
	journal = {Physical Review Letters},
	number = {15},
	title = {{Limited Imitation Contagion on Random Networks: Chaos, Universality, and Unpredictability}},
	volume = {110},
	year = {2013},
}
@article{dodds-2004,
	author = {Dodds, Peter Sheridan and Watts, Duncan J.},
	doi = {10.1103/physrevlett.92.218701},
	journal = {Physical Review Letters},
	number = {21},
	title = {{Universal Behavior in a Generalized Model of Contagion}},
	volume = {92},
	year = {2004},
}
@article{shrestha-2014,
	author = {Shrestha, Munik and Moore, Cristopher},
	doi = {10.1103/physreve.89.022805},
	journal = {Physical Review E},
	number = {2},
	title = {{Message-passing approach for threshold models of behavior in networks}},
	volume = {89},
	year = {2014},
}
@article{iribarren-2009,
	author = {Iribarren, Jos\'e Luis and Moro, Esteban},
	doi = {10.1103/physrevlett.103.038702},
	journal = {Physical Review Letters},
	number = {3},
	title = {{Impact of Human Activity Patterns on the Dynamics of Information Diffusion}},
	volume = {103},
	year = {2009},
}

@article{karimi-2013,
	author = {Karimi, Fariba and Holme, Petter},
	doi = {10.1016/j.physa.2013.03.050},
	journal = {Physica A: Statistical Mechanics and its Applications},
	number = {16},
	pages = {3476--3483},
	title = {{Threshold model of cascades in empirical temporal networks}},
	volume = {392},
	year = {2013},
}

@article{karsai-2011,
	author = {Karsai, M. and Kivelä, M. and Pan, R. K. and Kaski, K. and Kert\'esz, J. and Barab\'asi, A.-L. and Saramäki, J.},
	doi = {10.1103/physreve.83.025102},
	journal = {Physical Review E},
	number = {2},
	title = {{Small but slow world: How network topology and burstiness slow down spreading}},
	volume = {83},
	year = {2011},
}

@article{perez-2016,
	author = {P\'erez, Toni and Klemm, Konstantin and Egu\'iluz, V\'ictor M.},
	doi = {10.1038/srep21128},
	journal = {Scientific Reports},
	number = {1},
	title = {{Competition in the presence of aging: dominance, coexistence, and alternation between states}},
	volume = {6},
	year = {2016},
}

@article{boguna-2014,
  title = {Simulating non-Markovian stochastic processes},
  author = {Bogu\~n\'a, Marian and Lafuerza, Luis F. and Toral, Ra\'ul and Serrano, M. \'Angeles},
  journal = {Phys. Rev. E},
  volume = {90},
  issue = {4},
  pages = {042108},
  numpages = {9},
  year = {2014},
  month = {Oct},
  publisher = {American Physical Society},
  doi = {10.1103/PhysRevE.90.042108},
  url = {https://link.aps.org/doi/10.1103/PhysRevE.90.042108}
}

@article{fernandez-gracia-2011,
	author = {Fern\'andez-Gracia, J. and Egu\'iluz, V. M. and San Miguel, M.},
	doi = {10.1103/physreve.84.015103},
	journal = {Physical Review E},
	number = {1},
	title = {{Update rules and interevent time distributions: Slow ordering versus no ordering in the Voter model}},
	volume = {84},
	year = {2011},
}

@article{gleeson-2016,
	author = {Gleeson, James P. and O’Sullivan, Kevin P. and Baños, Raquel A. and Moreno, Yamir},
	doi = {10.1103/physrevx.6.021019},
	journal = {Physical Review X},
	number = {2},
	title = {{Effects of Network Structure, Competition and Memory Time on Social Spreading Phenomena}},
	volume = {6},
	year = {2016},
}

@inbook{wormald_1999, place={Cambridge}, series={London Mathematical Society Lecture Note Series}, title={Models of Random Regular Graphs}, DOI={10.1017/CBO9780511721335.010}, booktitle={Surveys in Combinatorics, 1999}, publisher={Cambridge University Press}, author={Wormald, N. C.}, editor={Lamb, J. D. and Preece, D. A.Editors}, year={1999}, pages={239–298}, collection={London Mathematical Society Lecture Note Series}}

@article{watts1998collective,
  title={Collective dynamics of `small-world' networks},
  author={Watts, Duncan J and Strogatz, Steven H},
  journal={nature},
  volume={393},
  number={6684},
  pages={440--442},
  year={1998},
  publisher={Nature Publishing Group}
}

@article{bender-1978,
	author = {Bender, Edward A and Canfield, E.Rodney},
	doi = {10.1016/0097-3165(78)90059-6},
	journal = {Journal of Combinatorial Theory, Series A},
	number = {3},
	pages = {296--307},
	title = {{The asymptotic number of labeled graphs with given degree sequences}},
	volume = {24},
	year = {1978},
}

@article{wormald1999models,
  title={Models of random regular graphs},
  author={Wormald, Nicholas C and others},
  journal={London Mathematical Society Lecture Note Series},
  pages={239--298},
  year={1999},
  publisher={Cambridge University Press}
}

@article{erdos1960evolution,
  title={On the evolution of random graphs},
  author={Erd{\H{o}}s, Paul and R{\'e}nyi, Alfr{\'e}d and others},
  journal={Publ. Math. Inst. Hung. Acad. Sci},
  volume={5},
  number={1},
  pages={17--60},
  year={1960}
}

@article{barabasi2009scale,
  title={Scale-free networks: a decade and beyond},
  author={Barab{\'a}si, Albert-L{\'a}szl{\'o}},
  journal={Science},
  volume={325},
  number={5939},
  pages={412--413},
  year={2009},
  publisher={American Association for the Advancement of Science}
}

@article{molloy-1995,
	author = {Molloy, Michael and Reed, Bruce},
	doi = {10.1002/rsa.3240060204},
	journal = {Random Structures and Algorithms},
	number = {2-3},
	pages = {161--180},
	title = {{A critical point for random graphs with a given degree sequence}},
	volume = {6},
	year = {1995},
}
@article{newman-2001,
	author = {Newman, M. E. J. and Strogatz, S. H. and Watts, D. J.},
	doi = {10.1103/physreve.64.026118},
	journal = {Physical Review E},
	number = {2},
	title = {{Random graphs with arbitrary degree distributions and their applications}},
	volume = {64},
	year = {2001},
}

@article{Leah2022,
  title = {Multitype branching process method for modeling complex contagion on clustered networks},
  author = {Keating, Leah A. and Gleeson, James P. and O'Sullivan, David J. P.},
  journal = {Phys. Rev. E},
  volume = {105},
  issue = {3},
  pages = {034306},
  numpages = {12},
  year = {2022},
  month = {Mar},
  publisher = {American Physical Society},
  doi = {10.1103/PhysRevE.105.034306},
  url = {https://link.aps.org/doi/10.1103/PhysRevE.105.034306}
}

@misc{link_git,
  title = {GitHub repository},
  howpublished = {\url{https://github.com/davidabbu/Aging-in-binary-state-models}},
}

@book{Voter-original,
  title={Stochastic interacting systems: contact, Voter and exclusion processes},
  author={Liggett, Thomas M and others},
  volume={324},
  year={1999},
  publisher={springer science \& Business Media}
}

@article{redner-2019,
	author = {Redner, Sidney},
	doi = {10.1016/j.crhy.2019.05.004},
	journal = {Comptes Rendus Physique},
	number = {4},
	pages = {275--292},
	title = {{Reality-inspired Voter models: A mini-review}},
	volume = {20},
	year = {2019},
}
@article{diakonova-2016,
	author = {Diakonova, Marina and Nicosia, Vincenzo and Latora, Vito and San Miguel, Maxi},
	doi = {10.1088/1367-2630/18/2/023010},
	journal = {New Journal of Physics},
	number = {2},
	pages = {023010},
	title = {{Irreducibility of multilayer network dynamics: the case of the Voter model}},
	volume = {18},
	year = {2016},
}
@article{carro-2016,
	author = {Carro, Adri\'an and Toral, Ra\'ul and San Miguel, Maxi},
	doi = {10.1038/srep24775},
	journal = {Scientific Reports},
	number = {1},
	title = {{The noisy Voter model on complex networks}},
	volume = {6},
	year = {2016},
}
@article{vazquez-2008,
	author = {Vazquez, Federico and Egu\'iluz, V\'ictor M. and San Miguel, Maxi},
	doi = {10.1103/physrevlett.100.108702},
	journal = {Physical Review Letters},
	number = {10},
	title = {{Generic Absorbing Transition in Coevolution Dynamics}},
	volume = {100},
	year = {2008},
}
@article{unknown-author-2018,
	doi = {10.1126/science.aav1974},
	journal = {Science},
	number = {6409},
	pages = {1320--1320},
	title = {{How Behavior Spreads: The Science of Complex Contagions
            How Behavior Spreads: The Science of Complex Contagions
            Damon Centola
            Princeton University Press, 2018. 308 pp.}},
	volume = {361},
	year = {2018},
}
@article{diaz-diaz-2022,
	author = {Diaz-Diaz, Fernando and San Miguel, Maxi and Meloni, Sandro},
	doi = {10.1038/s41598-022-13343-6},
	journal = {Scientific Reports},
	number = {1},
	title = {{Echo chambers and information transmission biases in homophilic and heterophilic networks}},
	volume = {12},
	year = {2022},
}

@article{czaplicka-2016,
	author = {Czaplicka, Agnieszka and Toral, Raul and San Miguel, Maxi},
	doi = {10.1103/physreve.94.062301},
	journal = {Physical Review E},
	number = {6},
	title = {{Competition of simple and complex adoption on interdependent networks}},
	volume = {94},
	year = {2016},
}
@article{min-2018,
	author = {Min, Byungjoon and San Miguel, Maxi},
	doi = {10.1038/s41598-018-28615-3},
	journal = {Scientific Reports},
	number = {1},
	title = {{Competing contagion processes: Complex contagion triggered by simple contagion}},
	volume = {8},
	year = {2018},
}
@article{centola-2010,
	author = {Centola, Damon},
	doi = {10.1126/science.1185231},
	journal = {Science},
	number = {5996},
	pages = {1194--1197},
	title = {{The Spread of Behavior in an Online Social Network Experiment}},
	volume = {329},
	year = {2010},
}
@article{rosenthal-2015,
	author = {Rosenthal, Sara Brin and Twomey, Colin R. and Hartnett, Andrew T. and Wu, Hai Shan and Couzin, Iain D.},
	doi = {10.1073/pnas.1420068112},
	journal = {Proceedings of the National Academy of Sciences},
	number = {15},
	pages = {4690--4695},
	title = {{Revealing the hidden networks of interaction in mobile animal groups allows prediction of complex behavioral contagion}},
	volume = {112},
	year = {2015},
}

@article{guilbeault-2021,
	author = {Guilbeault, Douglas and Centola, Damon},
	doi = {10.1038/s41467-021-24704-6},
	journal = {Nature Communications},
	number = {1},
	title = {{Topological measures for identifying and predicting the spread of complex contagions}},
	volume = {12},
	year = {2021},
}