@article{schelling-1969,
	author = {Schelling, Thomas},
	journal = {American Economic Review},
	number = {2},
	pages = {488},
	title = {{Models of Segregation}},
	volume = {59},
	year = {1969},
}

@article{Schelling,
author = {Schelling, Thomas C},
doi = {10.1080/0022250X.1971.9989794},
journal = {The Journal of Mathematical Sociology},
number = {2},
pages = {143--186},
publisher = {Routledge},
title = {{Dynamic models of segregation}},
url = {https://doi.org/10.1080/0022250X.1971.9989794},
volume = {1},
year = {1971}
}

@book{schellingbook,
   title =     {Micromotives and Macrobehavior},
   author =    {T Schelling},
   publisher =  {Norton, New York},
   year =      {1978}
}

@article{hegselmann-2017,
	author = {Hegselmann, Rainer},
	doi = {10.18564/jasss.3511},
	journal = {Journal of Artificial Societies and Social Simulation },
	number = {3},
	pages = {15},
	title = {{Thomas C. Schelling and James M. Sakoda: The Intellectual, Technical,and Social History of a Model}},
	volume = {20},
	year = {2017},
}

@article{granovetter,
	author = {Granovetter, M.},
	journal = {American Journal of Sociology },
	pages = {1420},
	title = {{Threshold models of collective behavior}},
	volume = {83},
	year = {1978},
}

@article{Gauvin_2009,
   title={Phase diagram of a Schelling segregation model},
   volume={70},
   ISSN={1434-6036},
   url={http://dx.doi.org/10.1140/epjb/e2009-00234-0},
   DOI={10.1140/epjb/e2009-00234-0},
   number={2},
   journal={The European Physical Journal B},
   publisher={Springer Science and Business Media LLC},
   author={Gauvin, L. and Vannimenus, J. and Nadal, J.-P.},
   year={2009},
   month={Jul},
   pages={293–304}
}

@article{Dall_Asta_2008,
   title={Statistical physics of the Schelling model of segregation},
   volume={2008},
   ISSN={1742-5468},
   url={http://dx.doi.org/10.1088/1742-5468/2008/07/L07002},
   DOI={10.1088/1742-5468/2008/07/l07002},
   number={07},
   journal={Journal of Statistical Mechanics: Theory and Experiment},
   publisher={IOP Publishing},
   author={Dall’Asta, L and Castellano, C and Marsili, M},
   year={2008},
   month={Jul},
   pages={L07002}
}

@article{unified,
   title={A unified framework for Schelling’s model of segregation},
   volume={2011},
   ISSN={1742-5468},
   url={http://dx.doi.org/10.1088/1742-5468/2011/07/P07006},
   DOI={10.1088/1742-5468/2011/07/p07006},
   number={07},
   journal={Journal of Statistical Mechanics: Theory and Experiment},
   publisher={IOP Publishing},
   author={Rogers, Tim and McKane, Alan J},
   year={2011},
   month={Jul},
   pages={P07006}
}

@article{Ising,
   title={Beitrag zur Theorie des Ferromagnetismus},
   volume={31},
   ISSN={1},
   url={https://doi.org/10.1007/BF02980577},
   DOI={10.1007/BF02980577},
   journal={Zeitschrift für Physik},
   author={Ising, Ernst},
   year={1925}
}

@article{Gauvin_2010,
   title={Schelling segregation in an open city: A kinetically constrained Blume-Emery-Griffiths spin-1 system},
   volume={81},
   ISSN={1550-2376},
   url={http://dx.doi.org/10.1103/PhysRevE.81.066120},
   DOI={10.1103/physreve.81.066120},
   number={6},
   journal={Physical Review E},
   publisher={American Physical Society (APS)},
   author={Gauvin, Laetitia and Nadal, Jean-Pierre and Vannimenus, Jean},
   year={2010},
   month={Jun}
}

@article{stauffer-2007,
	author = {Stauffer, D. and Solomon, S.},
	doi = {10.1140/epjb/e2007-00181-8},
	journal = {The European Physical Journal B},
	number = {4},
	pages = {473--479},
	title = {{Ising, Schelling and self-organising segregation}},
	volume = {57},
	year = {2007},
}
@article{grauwin-2009,
	author = {Grauwin, S. and Bertin, E. and Lemoy, R. and Jensen, P.},
	doi = {10.1073/pnas.0906263106},
	journal = {Proceedings of the National Academy of Sciences},
	number = {49},
	pages = {20622--20626},
	title = {{Competition between collective and individual dynamics}},
	volume = {106},
	year = {2009},
}
@article{BEG,
  title = {Ising Model for the Lambda Transition and Phase Separation in He3-He4 Mixtures},
  author = {Blume, M. and Emery, V.J. and Robert B. Griffiths},
  journal = {Phys. Rev. A},
  volume = {4},
  pages = {1071},
  year = {1971},
  doi = {https://doi.org/10.1103/PhysRevA.4.1071}
}

@article{BlumeCapel,
  title = {Tricritical behavior of the Blume-Capel model},
  author = {Saul, D. M. and Wortis, Michael and Stauffer, D.},
  journal = {Phys. Rev. B},
  volume = {9},
  issue = {11},
  pages = {4964--4980},
  numpages = {0},
  year = {1974},
  month = {Jun},
  publisher = {American Physical Society},
  doi = {10.1103/PhysRevB.9.4964},
  url = {https://link.aps.org/doi/10.1103/PhysRevB.9.4964}
}

@misc{randomwalks,
      title={Quantifying ethnic segregation in cities through random walks}, 
      author={Sandro Sousa and Vincenzo Nicosia},
      year={2020},
      eprint={2010.10462},
      archivePrefix={arXiv},
      primaryClass={physics.soc-ph}
}

@article{urban,
author = {Xu, Yang and Belyi, Alexander and Santi, Paolo and Ratti, Carlo},
doi = {10.1098/rsif.2019.0536},
issn = {17425662},
journal = {Journal of the Royal Society Interface},
keywords = {Big data analytics,Homophily,Mobile phone data,Social network,Social segregation,Urban mobility},
number = {160},
pages = {20190536},
pmid = {31744420},
title = {{Quantifying segregation in an integrated urban physical-social space}},
url = {https://royalsocietypublishing.org/doi/abs/10.1098/rsif.2019.0536},
volume = {16},
year = {2019}
}


@article{Bray,
  title = {Renormalization-group approach to domain-growth scaling},
  author = {Bray, A. J.},
  journal = {Phys. Rev. B},
  volume = {41},
  issue = {10},
  pages = {6724--6732},
  numpages = {0},
  year = {1990},
  month = {Apr},
  publisher = {American Physical Society},
  doi = {10.1103/PhysRevB.41.6724},
  url = {https://link.aps.org/doi/10.1103/PhysRevB.41.6724}
}

@book{silver2016scenescapes,
  title={Scenescapes: How qualities of place shape social life},
  author={Silver, Daniel Aaron and Clark, Terry Nichols},
  year={2016},
  publisher={University of Chicago Press}
}

@article{chetty-2016,
	author = {given-i=R., given=Raj, family=Chetty and given-i=N., given=Nathaniel, family=Hendren and given-i={L. F.}, given={Lawrence F.}, family=Katz},
	journal = {American Economic Review},
	month = {4},
	number = {4},
	pages = {855--902},
	publisher = {American Economic Association},
	title = {{The Effects of Exposure to Better Neighborhoods on Children: New Evidence from the Moving to Opportunity Experiment}},
	volume = {106},
	year = {2016},
	doi = {10.1257/aer.20150572},
	url = {http://dx.doi.org/10.1257/aer.20150572},
}
@article{clark-2002,
	author = {given-i={T. N.}, given={Terry Nichols}, family=Clark and given-i=R., given=Richard, family=Lloyd and given-i={K. K.}, given={Kenneth K.}, family=Wong and given-i=P., given=Pushpam, family=Jain},
	journal = {Journal of Urban Affairs},
	month = {12},
	number = {5},
	pages = {493--515},
	publisher = {Informa UK Limited},
	title = {{Amenities Drive Urban Growth}},
	volume = {24},
	year = {2002},
	doi = {10.1111/1467-9906.00134},
	url = {http://dx.doi.org/10.1111/1467-9906.00134},
}
@article{clark-2003,
	author = {given-i={W. A.}, given={William A.V.}, family=Clark and given-i=Y., given=Youqin, family=Huang and given-i=S., given=Suzanne, family=Withers},
	journal = {Regional Science and Urban Economics},
	month = {3},
	number = {2},
	pages = {199--221},
	publisher = {Elsevier BV},
	title = {{Does commuting distance matter?}},
	volume = {33},
	year = {2003},
	doi = {10.1016/s0166-0462(02)00012-1},
	url = {http://dx.doi.org/10.1016/s0166-0462(02)00012-1},
}
@article{granovetter-1985,
	author = {given-i=M., given=Mark, family=Granovetter},
	journal = {American Journal of Sociology},
	month = {11},
	number = {3},
	pages = {481--510},
	publisher = {University of Chicago Press},
	title = {{Economic Action and Social Structure: The Problem of Embeddedness}},
	volume = {91},
	year = {1985},
	doi = {10.1086/228311},
	url = {http://dx.doi.org/10.1086/228311},
}
@article{silver-2021,
	author = {given-i=D., given=Daniel, family=Silver and given-i=U., given=Ultan, family=Byrne and given-i=P., given=Patrick, family=Adler},
	journal = {PLOS ONE},
	month = {1},
	number = {1},
	pages = {e0242611},
	publisher = {Public Library of Science (PLoS)},
	title = {{Venues and segregation: A revised Schelling model}},
	volume = {16},
	year = {2021},
	doi = {10.1371/journal.pone.0242611},
	url = {http://dx.doi.org/10.1371/journal.pone.0242611},
}
@article{wasserman-2001,
	author = {given-i=H., given=Henry, family=Wasserman and given-i=G., given=Gary, family=Yohe},
	journal = {The American Economist},
	month = {10},
	number = {2},
	pages = {13--24},
	publisher = {SAGE Publications},
	title = {{Segregation and the Provision of Spatially Defined Local Public Goods}},
	volume = {45},
	year = {2001},
	doi = {10.1177/056943450104500202},
	url = {http://dx.doi.org/10.1177/056943450104500202},
}

@article{Heisemberg,
   title={Aging dynamics of the Heisenberg spin glass},
   volume={69},
   ISSN={1550-235X},
   url={http://dx.doi.org/10.1103/PhysRevB.69.184423},
   DOI={10.1103/physrevb.69.184423},
   number={18},
   journal={Physical Review B},
   publisher={American Physical Society (APS)},
   author={Berthier, L. and Young, A. P.},
   year={2004},
   month={May}
}

@article{denton1995persistence,
  title={The persistence of segregation: Links between residential segregation and school segregation},
  author={Denton, Nancy A},
  journal={Minn. L. Rev.},
  volume={80},
  pages={795},
  year={1995},
  publisher={HeinOnline}
}

@book{spinglassbook,
   title =     {Spin glasses and random fields},
   author =    {A P Young},
   publisher = {World Scientific},
   year =      {1997},
   url =       {libgen.li/file.php?md5=5941f917f91576aa2f77de1c40712f2c}
}

@article{8Heisemberg,
  title = {Ordered Phase of Short-Range Ising Spin-Glasses},
  author = {Fisher, Daniel S. and Huse, David A.},
  journal = {Phys. Rev. Lett.},
  volume = {56},
  issue = {15},
  pages = {1601--1604},
  numpages = {0},
  year = {1986},
  month = {Apr},
  publisher = {American Physical Society},
  doi = {10.1103/PhysRevLett.56.1601},
  url = {https://link.aps.org/doi/10.1103/PhysRevLett.56.1601}
}




@article{Interfacial_roughening,
author = {Albano, Ezequiel},
year = {2012},
month = {03},
pages = {},
title = {Interfacial roughening, segregation and dynamic behaviour in a generalized Schelling model},
volume = {2012},
journal = {Journal of Statistical Mechanics-theory and Experiment - J STAT MECH-THEORY EXP},
doi = {10.1088/1742-5468/2012/03/P03013}
}

@article{Maxi,
  title={The dynamics of first order phase transitions},
  author={Gunton, D. and San Miguel, M. and Sahni, P.S.},
  journal={Phase transitions and critical phenomena},
  volume={8},
  pages={267--466},
  year={1983},
  publisher={Academic Press}
}

@article{perez-2016,
	author = {Pérez, Toni and Klemm, Konstantin and Eguíluz, Víctor M.},
	doi = {10.1038/srep21128},
	journal = {Scientific Reports},
	number = {1},
	title = {{Competition in the presence of aging: dominance, coexistence, and alternation between states}},
	volume = {6},
	year = {2016},
}
@article{boguna-2014,
	author = {Boguñá, Marian and Lafuerza, Luis F. and Toral, Raúl and Serrano, M. Angeles},
	doi = {10.1103/physreve.90.042108},
	journal = {Physical Review E},
	number = {4},
	title = {{Simulating non-Markovian stochastic processes}},
	volume = {90},
	year = {2014},
}
@article{fernandez-gracia-2011,
	author = {Fernández-Gracia, J. and Eguíluz, V. M. and San Miguel, M.},
	doi = {10.1103/physreve.84.015103},
	journal = {Physical Review E},
	number = {1},
	title = {{Update rules and interevent time distributions: Slow ordering versus no ordering in the voter model}},
	volume = {84},
	year = {2011},
}

@article{stauffer-2013,
	author = {Stauffer, Dietrich},
	doi = {10.1007/s10955-012-0604-9},
	journal = {Journal of Statistical Physics},
	number = {1-2},
	pages = {9--20},
	title = {{A Biased Review of Sociophysics}},
	volume = {151},
	year = {2013},
}
@article{henry-2011,
	author = {Henry, A. D. and Pralat, P. and Zhang, C.-Q.},
	doi = {10.1073/pnas.1014486108},
	journal = {Proceedings of the National Academy of Sciences},
	number = {21},
	pages = {8605--8610},
	title = {{Emergence of segregation in evolving social networks}},
	volume = {108},
	year = {2011},
}
@article{clark-1991,
	author = {Clark, W.A.V.},
	doi = {10.2307/2061333},
	journal = {Demography},
	number = {1},
	pages = {1--19},
	title = {{Residential preferences and neighborhood racial segregation: A test of the schelling segregation model}},
	volume = {28},
	year = {1991},
}
@article{gracia-lazaro-2009,
	author = {Gracia-Lázaro, C. and Lafuerza, L. F. and Floría, L. M. and Moreno, Y.},
	doi = {10.1103/physreve.80.046123},
	journal = {Physical Review E},
	number = {4},
	title = {{Residential segregation and cultural dissemination: An Axelrod-Schelling model}},
	volume = {80},
	year = {2009},
}

@article{artime-2018,
	author = {Artime, Oriol and Peralta, Antonio F. and Toral, Raúl and Ramasco, José J. and San Miguel, Maxi},
	doi = {10.1103/physreve.98.032104},
	journal = {Physical Review E},
	number = {3},
	title = {{Aging-induced continuous phase transition}},
	volume = {98},
	year = {2018},
}
@article{peralta-2020,
	author = {Peralta, Antonio F. and Khalil, Nagi and Toral, Raúl},
	doi = {10.1016/j.physa.2019.122475},
	journal = {Physica A: Statistical Mechanics and its Applications},
	pages = {122475},
	title = {{Ordering dynamics in the voter model with aging}},
	volume = {552},
	year = {2020},
}

@article{Stark2008,
  title = {Decelerating Microdynamics Can Accelerate Macrodynamics in the Voter Model},
  author = {Stark, Hans-Ulrich and Tessone, Claudio J. and Schweitzer, Frank},
  journal = {Phys. Rev. Lett.},
  volume = {101},
  issue = {1},
  pages = {018701},
  numpages = {4},
  year = {2008},
  month = {Jun},
  publisher = {American Physical Society},
  doi = {10.1103/PhysRevLett.101.018701},
  url = {https://link.aps.org/doi/10.1103/PhysRevLett.101.018701}
}

@article{barabasi-2005,
  title = {The origin of bursts and heavy tails in human dynamics},
  author = {Barabasi, A. L.},
  journal = {Nature},
  volume = {435},
  pages = {207},
  year = {2005}
}

@article{moro,
  title = {Impact of human activity patterns on the dynamics of information diffusion.},
  author = {Iribarren, J. L. and Moro, E.},
  journal = {Physical Review Letters},
  volume = {103},
  pages = {038702},
  year = {2009}
}

@article{oriol,
  title = {Dynamics on networks: competition of temporal and topological correlations.},
  author = {Oriol Artine, Jose J. Ramasco, Maxi San Miguel},
  journal = {Scientific Reports},
  volume = {7},
  pages = {41627},
  year = {2017}
}

@article{HoKo,
  title = {Percolation and cluster distribution. I. Cluster multiple labeling technique and critical concentration algorithm},
  author = {Hoshen, J. and Kopelman, R.},
  journal = {Phys. Rev. B},
  volume = {14},
  issue = {8},
  pages = {3438--3445},
  numpages = {0},
  year = {1976},
  month = {Oct},
  publisher = {American Physical Society},
  doi = {10.1103/PhysRevB.14.3438},
  url = {https://link.aps.org/doi/10.1103/PhysRevB.14.3438}
}

@article{avetisov-2018,
	author = {Avetisov, V. and Gorsky, A. and Maslov, S. and Nechaev, S. and Valba, O.},
	doi = {10.1103/physreve.98.032308},
	journal = {Physical Review E},
	number = {3},
	title = {{Phase transitions in social networks inspired by the Schelling model}},
	volume = {98},
	year = {2018},
}
@article{barmpalias-2018,
	author = {Barmpalias, George and Elwes, Richard and Lewis-Pye, Andrew},
	doi = {10.1007/s10955-018-2146-2},
	journal = {Journal of Statistical Physics},
	number = {5},
	pages = {1408--1458},
	title = {{Minority Population in the One-Dimensional Schelling Model of Segregation}},
	volume = {173},
	year = {2018},
}
@article{urselmans-2018,
	author = {Urselmans, Linda and Phelps, Steve},
	doi = {10.1371/journal.pone.0193950},
	journal = {PLOS ONE},
	number = {3},
	pages = {e0193950},
	title = {{A Schelling model with adaptive tolerance}},
	volume = {13},
	year = {2018},
}
@article{holden-2019,
	author = {Holden, Nina and Sheffield, Scott},
	doi = {10.1007/s00440-019-00918-0},
	journal = {Probability Theory and Related Fields},
	number = {1-2},
	pages = {219--292},
	title = {{Scaling limits of the Schelling model}},
	volume = {176},
	year = {2019},
}
@article{sert-2020,
	author = {Sert, Egemen and Bar-Yam, Yaneer and Morales, Alfredo J.},
	doi = {10.1038/s41598-020-68447-8},
	journal = {Scientific Reports},
	number = {1},
	title = {{Segregation dynamics with reinforcement learning and agent based modeling}},
	volume = {10},
	year = {2020},
}
@article{rybski-2012,
	author = {Rybski, Diego and Buldyrev, Sergey V. and Havlin, Shlomo and Liljeros, Fredrik and Makse, Hernán A.},
	doi = {10.1038/srep00560},
	journal = {Scientific Reports},
	number = {1},
	title = {{Communication activity in a social network: relation between long-term correlations and inter-event clustering}},
	volume = {2},
	year = {2012},
}
@article{zignani-2016,
	author = {Zignani, Matteo and Esfandyari, Azadeh and Gaito, Sabrina and Rossi, Gian Paolo},
	doi = {10.1007/s41109-016-0009-9},
	journal = {Applied Network Science},
	number = {1},
	title = {{Walls-in-one: usage and temporal patterns in a social media aggregator}},
	volume = {1},
	year = {2016},
}
@article{kumar-2020,
	author = {Kumar, Pinaki and Korkolis, Evangelos and Benzi, Roberto and Denisov, Dmitry and Niemeijer, André and Schall, Peter and Toschi, Federico and Trampert, Jeannot},
	doi = {10.1038/s41598-019-56764-6},
	journal = {Scientific Reports},
	number = {1},
	title = {{On interevent time distributions of avalanche dynamics}},
	volume = {10},
	year = {2020},
}
@article{ortega-2021,
	author = {Ortega, Diego and Rodríguez-Laguna, Javier and Korutcheva, Elka},
	doi = {10.1016/j.physa.2021.125943},
	journal = {Physica A: Statistical Mechanics and its Applications},
	pages = {125943},
	title = {{Avalanches in an extended Schelling model: An explanation of urban gentrification}},
	volume = {573},
	year = {2021},
}

@article{ortega-2021.2,
	author = {Ortega, Diego and Rodríguez-Laguna, Javier and Korutcheva, Elka},
	doi = {10.1016/j.physa.2021.126010},
	journal = {Physica A: Statistical Mechanics and its Applications},
	pages = {126010},
	title = {{A Schelling model with a variable threshold in a closed city segregation model. Analysis of the universality classes}},
	volume = {574},
	year = {2021},
}
@article{domic-2011,
	author = {Domic, Nicolás Goles and Goles, Eric and Rica, Sergio},
	doi = {10.1103/physreve.83.056111},
	journal = {Physical Review E},
	number = {5},
	title = {{Dynamics and complexity of the Schelling segregation model}},
	volume = {83},
	year = {2011},
}
@article{vieira-2020,
	author = {Vieira, André P and Goles, Eric and Herrmann, Hans J},
	doi = {10.1088/1742-5468/ab5b8d},
	journal = {Journal of Statistical Mechanics: Theory and Experiment},
	number = {1},
	pages = {013212},
	title = {{Dynamics of extended Schelling models}},
	volume = {2020},
	year = {2020},
}

@inproceedings{Chauhan2018,
abstract = {Schelling's segregation model is a landmark model in sociology. It shows the counter-intuitive phenomenon that residential segregation between individuals of different groups can emerge even when all involved individuals are tolerant. Although the model is widely studied, no pure game-theoretic version where rational agents strategically choose their location exists. We close this gap by introducing and analyzing generalized game-theoretic models of Schelling segregation, where the agents can also have individual location preferences.},
address = {Cham},
author = {Chauhan, Ankit and Lenzner, Pascal and Molitor, Louise},
booktitle = {Algorithmic Game Theory},
editor = {Deng, Xiaotie},
isbn = {978-3-319-99660-8},
pages = {137--149},
publisher = {Springer International Publishing},
title = {{Schelling Segregation with Strategic Agents}},
year = {2018}
}

@article{agarwal-2020,
	author = {Agarwal, Aishwarya and Elkind, Edith and Gan, Jiarui and Voudouris, Alexandros},
	doi = {10.1609/aaai.v34i02.5541},
	journal = {Proceedings of the AAAI Conference on Artificial Intelligence},
	number = {02},
	pages = {1758--1765},
	title = {{Swap Stability in Schelling Games on Graphs}},
	volume = {34},
	year = {2020},
}
@article{jensen-2018,
	author = {Jensen, Pablo and Matreux, Thomas and Cambe, Jordan and Larralde, Hernan and Bertin, Eric},
	doi = {10.1103/physrevlett.120.208301},
	journal = {Physical Review Letters},
	number = {20},
	title = {{Giant Catalytic Effect of Altruists in Schelling’s Segregation Model}},
	volume = {120},
	year = {2018},
}

@article{lamanna-2018,
	author = {Lamanna, Fabio and Lenormand, Maxime and Salas-Olmedo, María Henar and Romanillos, Gustavo and Gonçalves, Bruno and Ramasco, José J.},
	doi = {10.1371/journal.pone.0191612},
	journal = {PLOS ONE},
	number = {3},
	pages = {e0191612},
	title = {{Immigrant community integration in world cities}},
	volume = {13},
	year = {2018},
}

@article{Sassen,
  title={The global city: introducing a concept},
  author={S. Sassen},
  journal={Brown Journal of World Affairs},
  year={2005},
  volume={11},
  pages={27-43}
}

@article{Clark,
	author = {Clark, W. A. V. and Fossett, M.},
	doi = {10.1073/pnas.0708155105},
	journal = {Proceedings of the National Academy of Sciences},
	number = {11},
	pages = {4109--4114},
	title = {{Understanding the social context of the Schelling segregation model}},
	volume = {105},
	year = {2008},
}
@article{Schelling2,
	author = {Eaton, B. Curtis and Schelling, Thomas C.},
	doi = {10.2307/134812},
	journal = {The Canadian Journal of Economics},
	number = {2},
	pages = {369},
	title = {{Micromotives and Macrobehavior}},
	volume = {14},
	year = {1981},
}
@article{banos-2012,
	author = {Banos, Amaud},
	doi = {10.1068/b37068},
	journal = {Environment and Planning B: Planning and Design},
	number = {2},
	pages = {393--405},
	title = {{Network Effects in Schelling's Model of Segregation: New Evidence from Agent-Based Simulation}},
	volume = {39},
	year = {2012},
}
@article{lenormand-2015,
	author = {Lenormand, Maxime and Picornell, Miguel and Cantú-Ros, Oliva G. and Louail, Thomas and Herranz, Ricardo and Barthelemy, Marc and Frías-Martínez, Enrique and San Miguel, Maxi and Ramasco, José J.},
	doi = {10.1098/rsos.150449},
	journal = {Royal Society Open Science},
	number = {12},
	pages = {150449},
	title = {{Comparing and modelling land use organization in cities}},
	volume = {2},
	year = {2015},
}
@article{Vinkovic,
	author = {Vinkovic, D. and Kirman, A.},
	doi = {10.1073/pnas.0609371103},
	journal = {Proceedings of the National Academy of Sciences},
	number = {51},
	pages = {19261--19265},
	title = {{A physical analogue of the Schelling model}},
	volume = {103},
	year = {2006},
}

@article{Zhang,
title = {{Residential segregation in an all-integrationist world}},
journal = {Journal of Economic Behavior and Organization},
volume = {54},
number = {4},
pages = {533-550},
year = {2004},
issn = {0167-2681},
doi = {https://doi.org/10.1016/j.jebo.2003.03.005},
url = {https://www.sciencedirect.com/science/article/pii/S0167268103001768},
author = {Junfu Zhang},
}

@article{Fosset-2006,
author = { Mark Fosset },
title = {Ethnic Preferences, Social Distance Dynamics, and Residential Segregation: Theoretical Explorations Using Simulation Analysis},
journal = {The Journal of Mathematical Sociology},
volume = {30},
number = {3-4},
pages = {185-273},
year  = {2006},
publisher = {Routledge},
doi = {10.1080/00222500500544052},

URL = { 
        https://doi.org/10.1080/00222500500544052
    
},
eprint = { 
        https://doi.org/10.1080/00222500500544052
    
}}