@book{pastor-satorras-2004,
	author = {Pastor-Satorras, Romualdo and Vespignani, Alessandro},
	month = {2},
	title = {{Evolution and structure of the internet}},
	year = {2004},
	doi = {10.1017/cbo9780511610905},
	url = {https://doi.org/10.1017/cbo9780511610905},
}
@article{berners-lee-2006,
	author = {Berners-Lee, Tim and Hall, Wendy and Hendler, James A. and O'Hara, Kieron and Shadbolt, Nigel and Weitzner, Daniel J.},
	journal = {Foundations and trends in web science},
	month = {1},
	number = {1},
	pages = {1--130},
	title = {{A framework for web science}},
	volume = {1},
	year = {2006},
	doi = {10.1561/1800000001},
	url = {https://doi.org/10.1561/1800000001},
}
@article{unknown-author-2013,
	journal = {Choice/Choice reviews},
	month = {7},
	number = {12},
	pages = {50--6579},
	title = {{The culture of connectivity: a critical history of social media}},
	volume = {50},
	year = {2013},
	doi = {10.5860/choice.50-6579},
	url = {https://doi.org/10.5860/choice.50-6579},
}
@book{choudary-2016,
	author = {Choudary, Sangeet Paul and Van Alstyne, Marshall W. and Parker, Geoffrey G.},
	month = {3},
	title = {{Platform Revolution: How networked markets are transforming the economy--and how to make them work for you}},
	year = {2016},
	url = {https://dl.acm.org/citation.cfm?id=3002873},
}

@article{dunbar-2012,
	author = {Dunbar, R. I. M.},
	journal = {Philosophical transactions - Royal Society. Biological sciences},
	month = {8},
	number = {1599},
	pages = {2192--2201},
	title = {{Social cognition on the Internet: testing constraints on social network size}},
	volume = {367},
	year = {2012},
	doi = {10.1098/rstb.2012.0121},
	url = {https://doi.org/10.1098/rstb.2012.0121},
}
@article{goncalves-2011,
	author = {Gonçalves, Bruno and Perra, Nicola and Vespignani, Alessandro},
	journal = {PloS one},
	month = {8},
	number = {8},
	pages = {e22656},
	title = {{Modeling users' activity on Twitter networks: Validation of Dunbar's number}},
	volume = {6},
	year = {2011},
	doi = {10.1371/journal.pone.0022656},
	url = {https://doi.org/10.1371/journal.pone.0022656},
}
@article{guimera-2005,
	author = {Guimera, Roger and Uzzi, Brian and Spiro, Jarrett and Amaral, Luís A. Nunes},
	journal = {Science},
	month = {4},
	number = {5722},
	pages = {697--702},
	title = {{Team assembly mechanisms determine collaboration network structure and team performance}},
	volume = {308},
	year = {2005},
	doi = {10.1126/science.1106340},
	url = {https://doi.org/10.1126/science.1106340},
}
@article{goncalves-2008,
	author = {Gonçalves, Bruno and Ramasco, José J.},
	journal = {Physical review. E, Statistical, nonlinear and soft matter physics},
	month = {8},
	number = {2},
	title = {{Human dynamics revealed through Web analytics}},
	volume = {78},
	year = {2008},
	doi = {10.1103/physreve.78.026123},
	url = {https://doi.org/10.1103/physreve.78.026123},
}

@article{lafuerza2013stochastic,
  title={Stochastic description of delayed systems},
  author={Lafuerza, Luis F and Toral, Ra{\'u}l},
  journal={Philosophical Transactions of the Royal Society A: Mathematical, Physical and Engineering Sciences},
  volume={371},
  number={1999},
  pages={20120458},
  year={2013},
  publisher={The Royal Society Publishing}
}

@article{barrio2006oscillatory,
  title={Oscillatory regulation of Hes1: discrete stochastic delay modelling and simulation},
  author={Barrio, Manuel and Burrage, Kevin and Leier, Andr{\'e} and Tian, Tianhai},
  journal={PLoS computational biology},
  volume={2},
  number={9},
  pages={e117},
  year={2006},
  publisher={Public Library of Science San Francisco, USA}
}

@article{lewis2003autoinhibition,
  title={Autoinhibition with transcriptional delay: a simple mechanism for the zebrafish somitogenesis oscillator},
  author={Lewis, Julian},
  journal={Current Biology},
  volume={13},
  number={16},
  pages={1398--1408},
  year={2003},
  publisher={Elsevier}
}

@article{bratsun2005delay,
  title={Delay-induced stochastic oscillations in gene regulation},
  author={Bratsun, Dmitri and Volfson, Dmitri and Tsimring, Lev S and Hasty, Jeff},
  journal={Proceedings of the National Academy of Sciences},
  volume={102},
  number={41},
  pages={14593--14598},
  year={2005},
  publisher={National Acad Sciences}
}

@article{longtin1990noise,
  title={Noise and critical behavior of the pupil light reflex at oscillation onset},
  author={Longtin, Andr{\'e} and Milton, John G and Bos, Jelte E and Mackey, Michael C},
  journal={Physical Review A},
  volume={41},
  number={12},
  pages={6992},
  year={1990},
  publisher={APS}
}

@article{flunkert2013dynamics,
  title={Dynamics, control and information in delay-coupled systems: an overview},
  author={Flunkert, Valentin and Fischer, Ingo and Sch{\"o}ll, Eckehard},
  journal={Philosophical Transactions of the Royal Society A: Mathematical, Physical and Engineering Sciences},
  volume={371},
  number={1999},
  pages={20120465},
  year={2013},
  publisher={The Royal Society Publishing}
}

@article{redner1998popular,
  title={How popular is your paper? An empirical study of the citation distribution},
  author={Redner, Sidney},
  journal={The European Physical Journal B-Condensed Matter and Complex Systems},
  volume={4},
  number={2},
  pages={131--134},
  year={1998},
  publisher={Springer}
}

@article{taylor1961aggregation,
  title={Aggregation, variance and the mean},
  author={Taylor, Lionel Roy},
  journal={Nature},
  volume={189},
  number={4766},
  pages={732--735},
  year={1961},
  publisher={Springer Nature}
}

@article{eisler2008fluctuation,
  title={Fluctuation scaling in complex systems: Taylor's law and beyond},
  author={Eisler, Zolt{\'a}n and Bartos, Imre and Kert{\'e}sz, J{\'a}nos},
  journal={Advances in Physics},
  volume={57},
  number={1},
  pages={89--142},
  year={2008},
  publisher={Taylor \& Francis}
}

@book{ibragimov2015heavy,
  title={Heavy-tailed distributions and robustness in economics and finance},
  author={Ibragimov, Marat and Ibragimov, Rustam and Walden, Johan},
  volume={214},
  year={2015},
  publisher={Springer}
}

@article{brown2021taylor,
  title={Taylor's law of fluctuation scaling for semivariances and higher moments of heavy-tailed data},
  author={Brown, Mark and Cohen, Joel E and Tang, Chuan-Fa and Yam, Sheung Chi Phillip},
  journal={Proceedings of the National Academy of Sciences},
  volume={118},
  number={46},
  pages={e2108031118},
  year={2021},
  publisher={National Acad Sciences}
}

@article{kilpatrick2003species,
  title={Species interactions can explain Taylor's power law for ecological time series},
  author={Kilpatrick, AM and Ives, AR},
  journal={Nature},
  volume={422},
  number={6927},
  pages={65--68},
  year={2003},
  publisher={Nature Publishing Group UK London}
}

@article{anderson1982variability,
  title={Variability in the abundance of animal and plant species},
  author={Anderson, RoM and Gordon, DM and CraWley, MoJ and Hassell, MP},
  journal={Nature},
  volume={296},
  number={5854},
  pages={245--248},
  year={1982},
  publisher={Nature Publishing Group UK London}
}

@article{chen2020scaling,
  title={Scaling laws and dynamics of hashtags on Twitter},
  author={Chen, Hongjia H and Alexander, Tristram J and Oliveira, Diego FM and Altmann, Eduardo G},
  journal={Chaos: An Interdisciplinary Journal of Nonlinear Science},
  volume={30},
  number={6},
  year={2020},
  publisher={AIP Publishing}
}

@article{rosen1974hedonic,
  title={Hedonic prices and implicit markets: product differentiation in pure competition},
  author={Rosen, Sherwin},
  journal={Journal of political economy},
  volume={82},
  number={1},
  pages={34--55},
  year={1974},
  publisher={The University of Chicago Press}
}